[gd_scene load_steps=6 format=2]

[ext_resource path="res://player/player_frame.gd" type="Script" id=1]
[ext_resource path="res://player/mesh/character.tscn" type="PackedScene" id=2]

[sub_resource type="CapsuleShape" id=1]

radius = 0.50799
height = 1.00582

[sub_resource type="CapsuleMesh" id=2]

custom_aabb = AABB( 0, 0, 0, 0, 0, 0 )
flip_faces = false
radius = 1.0
mid_height = 1.0
radial_segments = 64
rings = 8

[sub_resource type="SpatialMaterial" id=3]

render_priority = 0
flags_transparent = false
flags_unshaded = false
flags_vertex_lighting = false
flags_no_depth_test = false
flags_use_point_size = false
flags_world_triplanar = false
flags_fixed_size = false
flags_albedo_tex_force_srgb = false
flags_do_not_receive_shadows = false
flags_ensure_correct_normals = false
vertex_color_use_as_albedo = false
vertex_color_is_srgb = false
params_diffuse_mode = 0
params_specular_mode = 0
params_blend_mode = 0
params_cull_mode = 0
params_depth_draw_mode = 0
params_line_width = 1.0
params_point_size = 1.0
params_billboard_mode = 0
params_grow = false
params_use_alpha_scissor = false
albedo_color = Color( 1, 1, 1, 1 )
metallic = 0.0
metallic_specular = 0.5
metallic_texture_channel = 0
roughness = 0.0
roughness_texture_channel = 0
emission_enabled = false
normal_enabled = false
rim_enabled = false
clearcoat_enabled = false
anisotropy_enabled = false
ao_enabled = false
depth_enabled = false
subsurf_scatter_enabled = false
transmission_enabled = false
refraction_enabled = false
detail_enabled = false
uv1_scale = Vector3( 1, 1, 1 )
uv1_offset = Vector3( 0, 0, 0 )
uv1_triplanar = false
uv1_triplanar_sharpness = 1.0
uv2_scale = Vector3( 1, 1, 1 )
uv2_offset = Vector3( 0, 0, 0 )
uv2_triplanar = false
uv2_triplanar_sharpness = 1.0
proximity_fade_enable = false
distance_fade_enable = false

[node name="player_frame" type="KinematicBody" index="0"]
input_ray_pickable = true
input_capture_on_drag = false
collision_layer = 1
collision_mask = 1
axis_lock_linear_x = false
axis_lock_linear_y = false
axis_lock_linear_z = false
axis_lock_angular_x = false
axis_lock_angular_y = false
axis_lock_angular_z = false
collision/safe_margin = 0.001
script = ExtResource( 1 )
_sections_unfolded = [ "Transform" ]

[node name="headpos" type="Position3D" parent="." index="0"]
transform = Transform( 1, 0, 0, 0, 1, 0, 0, 0, 1, 0, 1.71811, 0 )

[node name="body" type="CollisionShape" parent="." index="1"]
transform = Transform( 1, 0, 0, 0, -4.37114e-08, 1, 0, -1, -4.37114e-08, 0, 1, 0 )
shape = SubResource( 1 )
disabled = false
_sections_unfolded = [ "Transform" ]

[node name="bodymesh" type="Spatial" parent="." index="2"]
transform = Transform( 0.293088, 0, 0, 0, 0.293088, 0, 0, 0, 0.293088, 0, 0, 0 )
_sections_unfolded = [ "Transform" ]

[node name="mesh" type="MeshInstance" parent="bodymesh" index="0"]
transform = Transform( 1, 0, 0, 0, -4.37114e-08, 1, 0, -1, -4.37114e-08, 0, 0, 0 )
visible = false
layers = 1
material_override = null
cast_shadow = 1
extra_cull_margin = 0.0
use_in_baked_light = false
lod_min_distance = 0.0
lod_min_hysteresis = 0.0
lod_max_distance = 0.0
lod_max_hysteresis = 0.0
mesh = SubResource( 2 )
skeleton = NodePath("..")
material/0 = SubResource( 3 )
_sections_unfolded = [ "Material" ]

[node name="mesh2" type="MeshInstance" parent="bodymesh" index="1"]
transform = Transform( 0.310268, 0, 0, 0, 0.310268, 3.30688e-15, 0, -3.30688e-15, 0.310268, -0.33622, 1.30179, 0.415553 )
visible = false
layers = 1
material_override = null
cast_shadow = 1
extra_cull_margin = 0.0
use_in_baked_light = false
lod_min_distance = 0.0
lod_min_hysteresis = 0.0
lod_max_distance = 0.0
lod_max_hysteresis = 0.0
mesh = SubResource( 2 )
skeleton = NodePath("..")
material/0 = SubResource( 3 )
_sections_unfolded = [ "Material" ]

[node name="mesh3" type="MeshInstance" parent="bodymesh" index="2"]
transform = Transform( 0.310268, 0, 0, 0, 0.310268, 3.30688e-15, 0, -3.30688e-15, 0.310268, 0.312748, 1.30179, 0.415553 )
visible = false
layers = 1
material_override = null
cast_shadow = 1
extra_cull_margin = 0.0
use_in_baked_light = false
lod_min_distance = 0.0
lod_min_hysteresis = 0.0
lod_max_distance = 0.0
lod_max_hysteresis = 0.0
mesh = SubResource( 2 )
skeleton = NodePath("..")
material/0 = SubResource( 3 )
_sections_unfolded = [ "Material" ]

[node name="character" parent="bodymesh" index="3" instance=ExtResource( 2 )]
_sections_unfolded = [ "Transform" ]

[node name="wire" type="RayCast" parent="." index="3"]
enabled = true
exclude_parent = true
cast_to = Vector3( 0, -1, 0 )
collision_mask = 1

[node name="yaw" type="Spatial" parent="." index="4"]

[node name="pitch" type="Spatial" parent="yaw" index="0"]

[node name="camera" type="InterpolatedCamera" parent="yaw/pitch" index="0"]
keep_aspect = 1
cull_mask = 1048575
environment = null
h_offset = 0.0
v_offset = 0.0
doppler_tracking = 0
projection = 0
current = false
fov = 70.0
size = 1.0
near = 0.05
far = 100.0
target = NodePath("../camerapos")
speed = 1.0
enabled = true

[node name="base_camerapos" type="Position3D" parent="yaw/pitch" index="1"]
transform = Transform( 1, 0, 0, 0, 1, 0, 0, 0, 1, 0, 1.21528, -6.43314 )

[node name="camerapos" type="Position3D" parent="yaw/pitch" index="2"]
transform = Transform( 1, 0, 0, 0, 1, 0, 0, 0, 1, 0, 1.24024, -5.64444 )

[node name="logic" type="Node" parent="." index="5"]

[node name="Label" type="Label" parent="." index="6"]
anchor_left = 0.0
anchor_top = 0.0
anchor_right = 0.0
anchor_bottom = 0.0
margin_right = 40.0
margin_bottom = 14.0
rect_pivot_offset = Vector2( 0, 0 )
rect_clip_content = false
mouse_filter = 2
mouse_default_cursor_shape = 0
size_flags_horizontal = 1
size_flags_vertical = 4
percent_visible = 1.0
lines_skipped = 0
max_lines_visible = -1

